
@misc{abdin2024phi4technicalreport,
  title         = {Phi-4 Technical Report},
  author        = {Marah Abdin and Jyoti Aneja and Harkirat Behl and Sébastien Bubeck and Ronen Eldan and Suriya Gunasekar and Michael Harrison and Russell J. Hewett and Mojan Javaheripi and Piero Kauffmann and James R. Lee and Yin Tat Lee and Yuanzhi Li and Weishung Liu and Caio C. T. Mendes and Anh Nguyen and Eric Price and Gustavo de Rosa and Olli Saarikivi and Adil Salim and Shital Shah and Xin Wang and Rachel Ward and Yue Wu and Dingli Yu and Cyril Zhang and Yi Zhang},
  year          = {2024},
  eprint        = {2412.08905},
  archiveprefix = {arXiv},
  primaryclass  = {cs.CL},
  url           = {https://arxiv.org/abs/2412.08905}
}

@article{anderson2020adaptive,
  title     = {Adaptive learning systems in modern education},
  author    = {Anderson, John R and Boyle, Charles F},
  journal   = {Journal of Computer Assisted Learning},
  year      = {2020},
  publisher = {Wiley}
}


@article{baker2014educational,
  title     = {Educational data mining and learning analytics},
  author    = {Baker, Ryan SJD and Inventado, Paul Salvador},
  journal   = {Learning Analytics},
  year      = {2014},
  publisher = {Springer}
}


@article{brown2020language,
  title   = {Language models are few-shot learners},
  author  = {Brown, Tom and others},
  journal = {Advances in neural information processing systems},
  year    = {2020}
}

@book{chomsky1965aspects,
  title     = {Aspects of the Theory of Syntax},
  author    = {Chomsky, Noam},
  year      = {1965},
  publisher = {MIT Press}
}

@book{coyle2010clil,
  title     = {CLIL: Content and language integrated learning},
  author    = {Coyle, Do and Hood, Philip and Marsh, David},
  year      = {2010},
  publisher = {Cambridge University Press}
}

@inproceedings{devlin2018bert,
  title     = {BERT: Pre-training of deep bidirectional transformers for language understanding},
  author    = {Devlin, Jacob and Chang, Ming-Wei and Lee, Kenton and Toutanova, Kristina},
  booktitle = {Proceedings of the 2019 Conference of the North American Chapter of the Association for Computational Linguistics: Human Language Technologies, Volume 1 (Long and Short Papers)},
  pages     = {4171--4186},
  year      = {2018}
}

@article{ellis1994study,
  title   = {The study of second language acquisition},
  author  = {Ellis, Rod},
  journal = {Oxford University Press},
  year    = {1994}
}

@book{fries1945teaching,
  title     = {Teaching and learning English as a foreign language},
  author    = {Fries, Charles Carpenter},
  year      = {1945},
  publisher = {University of Michigan Press}
}

@inproceedings{goodfellow2014generative,
  title     = {Generative adversarial nets},
  author    = {Goodfellow, Ian and Pouget-Abadie, Jean and Mirza, Mehdi and Xu, Bing and Warde-Farley, David and Ozair, Sherjil and Courville, Aaron and Bengio, Yoshua},
  booktitle = {Advances in neural information processing systems},
  pages     = {2672--2680},
  year      = {2014}
}

@book{gouin1892art,
  title     = {The art of teaching and studying languages},
  author    = {Gouin, Francois},
  year      = {1892},
  publisher = {Heath, D.C.}
}

@article{graves2013speech,
  title   = {Speech recognition with deep recurrent neural networks},
  author  = {Graves, Alex and Mohamed, Abdel-rahman and Hinton, Geoffrey},
  journal = {IEEE International Conference on Acoustics, Speech and Signal Processing},
  year    = {2013}
}

@misc{hexgrad_2025,
  author    = { {Hexgrad} },
  title     = { Kokoro-82M (Revision d8b4fc7) },
  year      = {2025},
  url       = { https://huggingface.co/hexgrad/Kokoro-82M },
  doi       = { 10.57967/hf/4329 },
  publisher = { Hugging Face }
}

@book{hymes1972communicative,
  title     = {On communicative competence},
  author    = {Hymes, Dell},
  year      = {1972},
  publisher = {University of Pennsylvania Press}
}

% Referencias bibliográficas
@article{khandelwal2023teaching,
  title   = {Teaching Languages with Large Language Models: Challenges and Opportunities},
  author  = {Khandelwal, Raj and others},
  journal = {Computer Assisted Language Learning},
  year    = {2023}
}

@article{kim2021conditional,
  title   = {Conditional Variational Autoencoder with Adversarial Learning for End-to-End Text-to-Speech},
  author  = {Kim, Jaehyeon and Kong, Jungil and Son, Juhee},
  journal = {International Conference on Machine Learning},
  year    = {2021}
}

@book{krashen1982principles,
  title     = {Principles and practice in second language acquisition},
  author    = {Krashen, Stephen D},
  year      = {1982},
  publisher = {Pergamon}
}

@book{lantolf2000sociocultural,
  title     = {Sociocultural Theory and Second Language Learning},
  author    = {Lantolf, James P},
  year      = {2000},
  publisher = {Oxford University Press}
}

@article{lewis2020retrieval,
  title   = {Retrieval-augmented generation for knowledge-intensive NLP tasks},
  author  = {Lewis, Patrick and others},
  journal = {Advances in Neural Information Processing Systems},
  year    = {2020}
}

@article{Liu2023,
  title   = {Modelos de lenguaje son aprendices de pocas muestras},
  author  = {Liu, Juan and others},
  journal = {Advances in neural information processing systems},
  year    = {2023}
}

@book{nunan1989designing,
  title     = {Designing tasks for the communicative classroom},
  author    = {Nunan, David},
  year      = {1989},
  publisher = {Cambridge University Press}
}

@misc{nussbaum2024nomic,
  title         = {Nomic Embed: Training a Reproducible Long Context Text Embedder},
  author        = {Zach Nussbaum and John X. Morris and Brandon Duderstadt and Andriy Mulyar},
  year          = {2024},
  eprint        = {2402.01613},
  archiveprefix = {arXiv},
  primaryclass  = {cs.CL}
}

@misc{peng2024owsmv31betterfaster,
  title         = {OWSM v3.1: Better and Faster Open Whisper-Style Speech Models based on E-Branchformer},
  author        = {Yifan Peng and Jinchuan Tian and William Chen and Siddhant Arora and Brian Yan and Yui Sudo and Muhammad Shakeel and Kwanghee Choi and Jiatong Shi and Xuankai Chang and Jee-weon Jung and Shinji Watanabe},
  year          = {2024},
  eprint        = {2401.16658},
  archiveprefix = {arXiv},
  primaryclass  = {cs.CL},
  url           = {https://arxiv.org/abs/2401.16658}
}

@article{radford2022robust,
  title   = {Robust Speech Recognition via Large-Scale Weak Supervision},
  author  = {Radford, Alec and Kim, Jong Wook and Xu, Tao and Brockman, Greg and McLeavey, Christine and Sutskever, Ilya},
  journal = {arXiv preprint arXiv:2212.04356},
  year    = {2022}
}

@book{richards2000approaches,
  title     = {Approaches and methods in language teaching},
  author    = {Richards, Jack C and Rodgers, Theodore S},
  year      = {2000},
  publisher = {Cambridge University Press}
}

@article{Rodriguez2023,
  title   = {Aprendizaje de lenguas con modelos de lenguaje de gran escala: desafíos y oportunidades},
  author  = {Rodríguez, Juan and others},
  journal = {Computer Assisted Language Learning},
  year    = {2023}
}

@article{roll2018learning,
  title     = {Learning analytics and AI: Politics, pedagogy and practices},
  author    = {Roll, Ido and Wylie, Ruth},
  journal   = {British Journal of Educational Technology},
  year      = {2018},
  publisher = {Wiley Online Library}
}

@article{schulman2017proximal,
  title   = {Proximal policy optimization algorithms},
  author  = {Schulman, John and others},
  journal = {arXiv preprint arXiv:1707.06347},
  year    = {2017}
}

@article{shen2018natural,
  title   = {Natural TTS synthesis by conditioning WaveNet on mel spectrogram predictions},
  author  = {Shen, Jonathan and Pang, Ruoming and Weiss, Ron J and Schuster, Mike and Jaitly, Navdeep and Yang, Zongheng and Chen, Zhifeng and Zhang, Yu and Wang, Yuxuan and Skerrv-Ryan, RJ and others},
  journal = {IEEE International Conference on Acoustics, Speech and Signal Processing},
  year    = {2018}
}

@book{skinner1957verbal,
  title     = {Verbal behavior},
  author    = {Skinner, Burrhus Frederic},
  year      = {1957},
  publisher = {Appleton-Century-Crofts}
}

@article{taylor2009text,
  title   = {Text-to-speech synthesis},
  author  = {Taylor, Paul},
  journal = {Cambridge university press},
  year    = {2009}
}

@article{vanlehn2011relative,
  title     = {The relative effectiveness of human tutoring, intelligent tutoring systems, and other tutoring systems},
  author    = {VanLehn, Kurt},
  journal   = {Educational Psychologist},
  year      = {2011},
  publisher = {Taylor \& Francis}
}

@article{vaswani2017attention,
  title   = {Attention is all you need},
  author  = {Vaswani, Ashish and others},
  journal = {Advances in neural information processing systems},
  year    = {2017}
}


@book{vygotsky1978mind,
  title     = {Mind in society: The development of higher psychological processes},
  author    = {Vygotsky, Lev Semenovich},
  year      = {1978},
  publisher = {Harvard university press}
}


@article{williams2017educational,
  title   = {The use of reinforcement learning algorithms in adaptive education},
  author  = {Williams, Robert and Chen, David},
  journal = {Journal of Educational AI},
  year    = {2017}
}

@article{zhao2020personalized,
  title   = {Personalized learning path recommendation through reinforcement learning},
  author  = {Zhao, Xiaoming and others},
  journal = {Educational Technology Research and Development},
  year    = {2020}
}